<record><leader>00000cas a2200000 a 4500</leader><controlfield tag="001">12137519</controlfield><controlfield tag="008">850610d18741875paudn ne      0    0eng d</controlfield><datafield ind1=" " ind2=" " tag="010"><subfield code="a">sn 85055048 </subfield></datafield><datafield ind1=" " ind2=" " tag="040"><subfield code="a">PLF</subfield><subfield code="b">eng</subfield><subfield code="c">PLF</subfield><subfield code="d">NPH</subfield><subfield code="d">OCL</subfield><subfield code="d">OCLCQ</subfield></datafield><datafield ind1=" " ind2=" " tag="042"><subfield code="a">msc</subfield></datafield><datafield ind1="0" ind2=" " tag="130"><subfield code="a">Illustrated new age (Philadelphia, Pa. : 1874 : Daily)</subfield></datafield><datafield ind1="1" ind2="4" tag="245"><subfield code="a">The illustrated new age.</subfield></datafield><datafield ind1=" " ind2=" " tag="260"><subfield code="a">Philadelphia, Pa. :</subfield><subfield code="b">Morwitz,</subfield><subfield code="c">1874-1875.</subfield></datafield><datafield ind1=" " ind2=" " tag="300"><subfield code="a">2 v. :</subfield><subfield code="b">ill.</subfield></datafield><datafield ind1=" " ind2=" " tag="310"><subfield code="a">Daily (except Sun.)</subfield></datafield><datafield ind1="0" ind2=" " tag="362"><subfield code="a">Vol. 11, no. 297 (Mar. 9, 1874)-v. 12, no. 302 (Mar. 12, 1875).</subfield></datafield><datafield ind1=" " ind2=" " tag="500"><subfield code="a">Also issued in a weekly ed.</subfield></datafield><datafield ind1=" " ind2=" " tag="752"><subfield code="a">United States</subfield><subfield code="b">Pennsylvania</subfield><subfield code="c">Philadelphia</subfield><subfield code="d">Philadelphia.</subfield></datafield><datafield ind1="0" ind2="0" tag="780"><subfield code="t">Age (Philadelphia, Pa. : 1866)</subfield><subfield code="w">(OCoLC)12137505</subfield></datafield><datafield ind1="0" ind2="0" tag="785"><subfield code="t">Times (Philadelphia, Pa. : 1875)</subfield><subfield code="w">(OCoLC)10288632</subfield></datafield></record>